%%
% 参考文献
% 本模板文后参考文献格式采用国家标准《文后参考文献著录规则》中的标准形式
%参考文献是毕业设计(论文)不可缺少的组成部分，它反映毕业设计(论文)的取材来源、材料的广博程度和材料的可靠程度，也是作者对他人知识成果的承认和尊重。一份完整的参考文献可向读者提供一份有价值的信息资料。
%“参考文献”为论文中所有引文、引用观点以及对论文有重要影响和启发的文献
%参考文献出处最好为高档次杂志期刊及会议论文：
%毕业论文中，参考所涉及到的网络文章、政府文件等非标准文献，在文中以脚注形式出现。
%不要大量引用博士硕士论文
%%
%期刊文章
%@article{liu2011sift,
%	title={Sift flow: Dense correspondence across scenes and its applications},
%	author={Liu, Ce and Yuen, Jenny and Torralba, Antonio},
%	journal={IEEE Transactions on Pattern Analysis and Machine Intelligence},
%	volume={33},
%	number={5},
%	pages={978--994},
%	year={2011},
%	publisher={IEEE}
%}

%会议论文
%@inproceedings{tighe2013finding,
%	title={Finding things: Image parsing with regions and per-exemplar detectors},
%	author={Tighe, Joseph and Lazebnik, Svetlana},
%	booktitle={Proceedings of the IEEE Conference on Computer Vision and Pattern Recognition},
%	pages={3001--3008},
%	year={2013},
%	address={Paris, France},						
%	publisher = {IEEE}
%}

%论文集论文
%@incollection{hariharan14,
%	title={Simultaneous detection and segmentation},
%	author={Hariharan, Bharath and Arbel{\'a}ez, Pablo and Girshick, Ross and Malik, Jitendra},
%	booktitle={Computer vision--ECCV 2014},
%	pages={297--312},
%	year={2014},
%	publisher={Springer},
%	address={New York}
%}

%硕士学位论文
%@masterthesis{zhang98,
%	author={张志祥},
%	title={间断动力系统的随机扰动及��%�在守恒律方程中的应用},
%	address={北京},
%	school={北京大学数学学院},
%	year={1998年}
%}

%博士学位论文
%@phdthesis{Li08,
%	author={李峥},
%	title={数字几何图形网格变形理论和方法},
%	address={广州},
%	school={中山大学},
%	year={2008年5月}
%}

%普通图书
%@book{Su81,
%	author={苏步青 and 刘鼎元%},
%	title={计算几何},
%	address={上海},
%	publisher={上海科学技术出版社},
%	year={1981}
%}

%专利
%@patent{Liu93,
%	author={刘加林},
%	title={多功能一次性压舌板},
%	country={中国},
%	patentid={9214985.2},
%	date={1993-04-14}
%}

%网页文档
%@online{Jiang99,
%	author={江向东},
%	title={互联网环境下的信息处理与图书管理系统解决方案},
%	publisher={情%报学报},
%	year={1999},
%	citedate={2000-01-18},
%	url={http:/www.chinainfo.gov.cn/periodical/gbxb/gbxb9/gbxb90203}
%}

%标准
%@standard{Zuo10,
%	title={网络部署标准},
%	author={作者%},
%	edition={网络部},
%	year={2010},
%	pages={1--6},
%	citedate={2011-11-12},
%	publisher={},
%	address={}
%}

%------------------------------------------ 分割线 以上为LaTeX模板提供格式 ------------------------------------------

@article{corman2020detection,
  title={Detection of 2019 novel coronavirus (2019-nCoV) by real-time RT-PCR},
  author={Corman, Victor M and Landt, Olfert and Kaiser, Marco and Molenkamp, Richard and Meijer, Adam and Chu, Daniel KW and Bleicker, Tobias and Br{\"u}nink, Sebastian and Schneider, Julia and Schmidt, Marie Luisa and others},
  journal={Eurosurveillance},
  volume={25},
  number={3},
  year={2020}
}

% biomarker discovery machine learning 
@article{huynh2012statistical,
  title={Statistical interpretation of machine learning-based feature importance scores for biomarker discovery},
  author={Huynh-Thu, V{\^a}n Anh and Saeys, Yvan and Wehenkel, Louis and Geurts, Pierre},
  journal={Bioinformatics},
  volume={28},
  number={13},
  pages={1766--1774},
  year={2012}
}

@article{he2010stable,
  title={Stable feature selection for biomarker discovery},
  author={He, Zengyou and Yu, Weichuan},
  journal={Computational Biology and Chemistry},
  volume={34},
  number={4},
  pages={215--225},
  year={2010}
}

@article{mamoshina2018machine,
  title={Machine learning on human muscle transcriptomic data for biomarker discovery and tissue-specific drug target identification},
  author={Mamoshina, Polina and Volosnikova, Marina and Ozerov, Ivan V and Putin, Evgeny and Skibina, Ekaterina and Cortese, Franco and Zhavoronkov, Alex},
  journal={Frontiers in Genetics},
  volume={9},
  pages={242},
  year={2018}
}

@article{swan2013application,
  title={Application of machine learning to proteomics data: classification and biomarker identification in postgenomics biology},
  author={Swan, Anna Louise and Mobasheri, Ali and Allaway, David and Liddell, Susan and Bacardit, Jaume},
  journal={Omics: a Journal of Integrative Biology},
  volume={17},
  number={12},
  pages={595--610},
  year={2013}
}

% biomarker discovery deep learning
@inproceedings{yao2016imaging,
  title={Imaging biomarker discovery for lung cancer survival prediction},
  author={Yao, Jiawen and Wang, Sheng and Zhu, Xinliang and Huang, Junzhou},
  booktitle={International Conference on Medical Image Computing and Computer-Assisted Intervention},
  year={2016}
}

@article{zafeiris2018artificial,
  title={An artificial neural network integrated pipeline for biomarker discovery using Alzheimer's disease as a case study},
  author={Zafeiris, Dimitrios and Rutella, Sergio and Ball, Graham Roy},
  journal={Computational and Structural Biotechnology Journal},
  volume={16},
  pages={77--87},
  year={2018}
}

@inproceedings{li2019efficient,
	title={Efficient interpretation of deep learning models using graph structure and cooperative game theory: Application to asd biomarker discovery},
	author={Li, Xiaoxiao and Dvornek, Nicha C and Zhou, Yuan and Zhuang, Juntang and Ventola, Pamela and Duncan, James S},
	booktitle={International Conference on Information Processing in Medical Imaging},
	year={2019}
}

@article{srinivas2002proteomics,
  title={Proteomics for cancer biomarker discovery},
  author={Srinivas, Pothur R and Verma, Mukesh and Zhao, Yinming and Srivastava, Sudhir},
  journal={Clinical Chemistry},
  volume={48},
  number={8},
  pages={1160--1169},
  year={2002}
}

@article{hu2008salivary,
  title={Salivary proteomics for oral cancer biomarker discovery},
  author={Hu, Shen and Arellano, Martha and Boontheung, Pinmanee and Wang, Jianghua and Zhou, Hui and Jiang, Jiang and Elashoff, David and Wei, Roger and Loo, Joseph A and Wong, David T},
  journal={Clinical Cancer Research},
  volume={14},
  number={19},
  pages={6246--6252},
  year={2008}
}

@article{griffiths2010targeted,
  title={Targeted metabolomics for biomarker discovery},
  author={Griffiths, William J and Koal, Therese and Wang, Yuqin and Kohl, Matthias and Enot, David P and Deigner, Hans-Peter},
  journal={Angewandte Chemie International Edition},
  volume={49},
  number={32},
  pages={5426--5445},
  year={2010}
}


@article{zhou2019xiao,
    title={肠道微生物与人体健康},
    author={周谷成 and 肖义军},
    journal={生物学通报},
    volume={54},
    number={01},
    pages={11--13},
    year={2019}
}

@inproceedings{maron1998framework,
	title={A framework for multiple-instance learning},
	author={Maron, Oded and Lozano-P{\'e}rez, Tom{\'a}s},
	booktitle={Advances in Neural Information Processing Systems},
	year={1998}
}

@article{manivannan2017subcategory,
	title={Subcategory classifiers for multiple-instance learning and its application to retinal nerve fiber layer visibility classification},
	author={Manivannan, Siyamalan and Cobb, Caroline and Burgess, Stephen and Trucco, Emanuele},
	journal={IEEE Transactions on Medical Imaging},
	volume={36},
	number={5},
	pages={1140--1150},
	year={2017}
}

@inproceedings{kandemir2014empowering,
	title={Empowering multiple instance histopathology cancer diagnosis by cell graphs},
	author={Kandemir, Melih and Zhang, Chong and Hamprecht, Fred A},
	booktitle={International Conference on Medical Image Computing and Computer-Assisted Intervention},
	year={2014}
}

@article{zintgraf2017visualizing,
	title={Visualizing deep neural network decisions: Prediction difference analysis},
	author={Zintgraf, Luisa M and Cohen, Taco S and Adel, Tameem and Welling, Max},
	journal={arXiv preprint arXiv:1702.04595},
	year={2017}
}

@inproceedings{zhou2016learning,
	title={Learning deep features for discriminative localization},
	author={Zhou, Bolei and Khosla, Aditya and Lapedriza, Agata and Oliva, Aude and Torralba, Antonio},
	booktitle={Proceedings of the IEEE Conference on Computer Vision and Pattern Recognition},
	year={2016}
}

@inproceedings{selvaraju2017grad,
	title={Grad-cam: Visual explanations from deep networks via gradient-based localization},
	author={Selvaraju, Ramprasaath R and Cogswell, Michael and Das, Abhishek and Vedantam, Ramakrishna and Parikh, Devi and Batra, Dhruv},
	booktitle={Proceedings of the IEEE Conference on Computer Vision and Pattern Recognition},
	year={2017}
}

@article{rajpurkar2017chexnet,
	title={Chexnet: Radiologist-level pneumonia detection on chest x-rays with deep learning},
	author={Rajpurkar, Pranav and Irvin, Jeremy and Zhu, Kaylie and Yang, Brandon and Mehta, Hershel and Duan, Tony and Ding, Daisy and Bagul, Aarti and Langlotz, Curtis and Shpanskaya, Katie and others},
	journal={arXiv preprint arXiv:1711.05225},
	year={2017}
}

@inproceedings{zhang2017mdnet,
	title={Mdnet: A semantically and visually interpretable medical image diagnosis network},
	author={Zhang, Zizhao and Xie, Yuanpu and Xing, Fuyong and McGough, Mason and Yang, Lin},
	booktitle={Proceedings of the IEEE Conference on Computer Vision and Pattern Recognition},
	pages={6428--6436},
	year={2017}
}

@inproceedings{yang2018visual,
	title={Visual explanations from deep 3D convolutional neural networks for Alzheimer’s disease classification},
	author={Yang, Chengliang and Rangarajan, Anand and Ranka, Sanjay},
	booktitle={AMIA Annual Symposium Proceedings},
	year={2018}
}

@article{simonyan2013deep,
	title={Deep inside convolutional networks: Visualising image classification models and saliency maps},
	author={Simonyan, Karen and Vedaldi, Andrea and Zisserman, Andrew},
	journal={arXiv preprint arXiv:1312.6034},
	year={2013}
}

@article{banerjee2016novel,
	title={A novel GBM saliency detection model using multi-channel MRI},
	author={Banerjee, Subhashis and Mitra, Sushmita and Shankar, B Uma and Hayashi, Yoichi},
	journal={PloS One},
	volume={11},
	number={1},
	year={2016}
}

@article{mitra2017volumetric,
	title={Volumetric brain tumour detection from MRI using visual saliency},
	author={Mitra, Somosmita and Banerjee, Subhashis and Hayashi, Yoichi},
	journal={PloS One},
	volume={12},
	number={11},
	year={2017}
}

@article{jahanifar2018supervised,
	title={Supervised saliency map driven segmentation of lesions in dermoscopic images},
	author={Jahanifar, Mostafa and Tajeddin, Neda Zamani and Asl, Babak Mohammadzadeh and Gooya, Ali},
	journal={IEEE journal of Biomedical and Health Informatics},
	volume={23},
	number={2},
	pages={509--518},
	year={2018}
}

@inproceedings{goodfellow2014generative,
	title={Generative adversarial nets},
	author={Goodfellow, Ian and Pouget-Abadie, Jean and Mirza, Mehdi and Xu, Bing and Warde-Farley, David and Ozair, Sherjil and Courville, Aaron and Bengio, Yoshua},
	booktitle={Advances in Neural Information Processing Systems},
	year={2014}
}

@article{mirza2014conditional,
	title={Conditional generative adversarial nets},
	author={Mirza, Mehdi and Osindero, Simon},
	journal={arXiv preprint arXiv:1411.1784},
	year={2014}
}

@article{radford2015unsupervised,
	title={Unsupervised representation learning with deep convolutional generative adversarial networks},
	author={Radford, Alec and Metz, Luke and Chintala, Soumith},
	journal={arXiv preprint arXiv:1511.06434},
	year={2015}
}

@inproceedings{gulrajani2017improved,
	title={Improved training of wasserstein gans},
	author={Gulrajani, Ishaan and Ahmed, Faruk and Arjovsky, Martin and Dumoulin, Vincent and Courville, Aaron C},
	booktitle={Advances in Neural Information Processing Systems},
	year={2017}
}


@article{arjovsky2017wasserstein,
	title={Wasserstein gan},
	author={Arjovsky, Martin and Chintala, Soumith and Bottou, L{\'e}on},
	journal={arXiv preprint arXiv:1701.07875},
	year={2017}
}

@inproceedings{mao2017least,
	title={Least squares generative adversarial networks},
	author={Mao, Xudong and Li, Qing and Xie, Haoran and Lau, Raymond YK and Wang, Zhen and Paul Smolley, Stephen},
	booktitle={Proceedings of the IEEE International Conference on Computer Vision},
	year={2017}
}

@inproceedings{codella2018skin,
	title={Skin lesion analysis toward melanoma detection: A challenge at the 2017 international symposium on biomedical imaging (isbi), hosted by the international skin imaging collaboration (isic)},
	author={Codella, Noel CF and Gutman, David and Celebi, M Emre and Helba, Brian and Marchetti, Michael A and Dusza, Stephen W and Kalloo, Aadi and Liopyris, Konstantinos and Mishra, Nabin and Kittler, Harald and others},
	booktitle={IEEE International Symposium on Biomedical Imaging},
	year={2018}
}

@article{codella2019skin,
	title={Skin lesion analysis toward melanoma detection 2018: A challenge hosted by the international skin imaging collaboration (isic)},
	author={Codella, Noel and Rotemberg, Veronica and Tschandl, Philipp and Celebi, M Emre and Dusza, Stephen and Gutman, David and Helba, Brian and Kalloo, Aadi and Liopyris, Konstantinos and Marchetti, Michael and others},
	journal={arXiv preprint arXiv:1902.03368},
	year={2019}
}

@article{tschandl2018ham10000,
	title={The HAM10000 dataset, a large collection of multi-source dermatoscopic images of common pigmented skin lesions},
	author={Tschandl, Philipp and Rosendahl, Cliff and Kittler, Harald},
	journal={Scientific Data},
	volume={5},
	pages={180161},
	year={2018},
	publisher={Nature Publishing Group}
}

% alexnet
@inproceedings{krizhevsky2012imagenet,
	title={Imagenet classification with deep convolutional neural networks},
	author={Krizhevsky, Alex and Sutskever, Ilya and Hinton, Geoffrey E},
	booktitle={Advances in Neural Information Processing Systems},
	pages={1097--1105},
	year={2012}
}

% vgg
@article{simonyan2014very,
	title={Very deep convolutional networks for large-scale image recognition},
	author={Simonyan, Karen and Zisserman, Andrew},
	journal={arXiv preprint arXiv:1409.1556},
	year={2014}
}

% resnet
@inproceedings{he2016deep,
	title={Deep residual learning for image recognition},
	author={He, Kaiming and Zhang, Xiangyu and Ren, Shaoqing and Sun, Jian},
	booktitle={Proceedings of the IEEE Conference on Computer Vision and Pattern Recognition},
	pages={770--778},
	year={2016}
}

@inproceedings{he2016identity,
	title={Identity mappings in deep residual networks},
	author={He, Kaiming and Zhang, Xiangyu and Ren, Shaoqing and Sun, Jian},
	booktitle={European Conference on Computer Vision},
	year={2016}
}

% densenet
@inproceedings{huang2017densely,
	title={Densely connected convolutional networks},
	author={Huang, Gao and Liu, Zhuang and Van Der Maaten, Laurens and Weinberger, Kilian Q},
	booktitle={Proceedings of the IEEE Conference on Computer Vision and Pattern Recognition},
	year={2017}
}

@article{gardner1998artificial,
	title={Artificial neural networks (the multilayer perceptron)—a review of applications in the atmospheric sciences},
	author={Gardner, Matt W and Dorling, SR},
	journal={Atmospheric Environment},
	volume={32},
	number={14-15},
	pages={2627--2636},
	year={1998},
	publisher={Elsevier}
}

@incollection{hecht1992theory,
	title={Theory of the backpropagation neural network},
	author={Hecht-Nielsen, Robert},
	booktitle={Neural Networks for Perception},
	pages={65--93},
	year={1992}
}


@inproceedings{abdel2013exploring,
	title={Exploring convolutional neural network structures and optimization techniques for speech recognition.},
	author={Abdel-Hamid, Ossama and Deng, Li and Yu, Dong},
	booktitle={Interspeech},
	volume={2013},
	pages={1173--5},
	year={2013}
}

@article{swietojanski2014convolutional,
	title={Convolutional neural networks for distant speech recognition},
	author={Swietojanski, Pawel and Ghoshal, Arnab and Renals, Steve},
	journal={IEEE Signal Processing Letters},
	volume={21},
	number={9},
	pages={1120--1124},
	year={2014}
}

@article{robertson2019exploring,
	title={Exploring spectro-temporal features in end-to-end convolutional neural networks},
	author={Robertson, Sean and Penn, Gerald and Wang, Yingxue},
	journal={arXiv preprint arXiv:1901.00072},
	year={2019}
}

@inproceedings{dos2014deep,
	title={Deep convolutional neural networks for sentiment analysis of short texts},
	author={Dos Santos, Cicero and Gatti, Maira},
	booktitle={Proceedings of International Conference on Computational Linguistics: Technical Papers},
	year={2014}
}

@inproceedings{mou2016convolutional,
	title={Convolutional neural networks over tree structures for programming language processing},
	author={Mou, Lili and Li, Ge and Zhang, Lu and Wang, Tao and Jin, Zhi},
	booktitle={The Association for the Advance of Artificial Intelligence},
	year={2016}
}

@article{li2019knowledge,
	title={Knowledge-oriented convolutional neural network for causal relation extraction from natural language texts},
	author={Li, Pengfei and Mao, Kezhi},
	journal={Expert Systems with Applications},
	volume={115},
	pages={512--523},
	year={2019}
}

@inproceedings{lee2017deep,
	title={Deep neural networks for wild fire detection with unmanned aerial vehicle},
	author={Lee, Wonjae and Kim, Seonghyun and Lee, Yong-Tae and Lee, Hyun-Woo and Choi, Min},
	booktitle={The IEEE International Conference on Consumer Electronics},
	year={2017}
}

@article{csillik2018identification,
	title={Identification of citrus trees from unmanned aerial vehicle imagery using convolutional neural networks},
	author={Csillik, Ovidiu and Cherbini, John and Johnson, Robert and Lyons, Andy and Kelly, Maggi},
	journal={Drones},
	volume={2},
	number={4},
	pages={39},
	year={2018}
}

@article{tang2017vehicle,
	title={Vehicle detection in aerial images based on region convolutional neural networks and hard negative example mining},
	author={Tang, Tianyu and Zhou, Shilin and Deng, Zhipeng and Zou, Huanxin and Lei, Lin},
	journal={Sensors},
	volume={17},
	number={2},
	pages={336},
	year={2017},
	publisher={Multidisciplinary Digital Publishing Institute}
}

% auto encoder-decoder
@article{hinton2006reducing,
	title={Reducing the dimensionality of data with neural networks},
	author={Hinton, Geoffrey E and Salakhutdinov, Ruslan R},
	journal={Science},
	volume={313},
	number={5786},
	pages={504--507},
	year={2006}
}

% unet
@inproceedings{ronneberger2015u,
	title={U-net: Convolutional networks for biomedical image segmentation},
	author={Ronneberger, Olaf and Fischer, Philipp and Brox, Thomas},
	booktitle={International Conference on Medical Image Computing and Computer-assisted Intervention},
	year={2015},
}

% fcn
@inproceedings{long2015fully,
	title={Fully convolutional networks for semantic segmentation},
	author={Long, Jonathan and Shelhamer, Evan and Darrell, Trevor},
	booktitle={Proceedings of the IEEE Conference on Computer Vision and Pattern Recognition},
	year={2015}
}

@inproceedings{vincent2008extracting,
	title={Extracting and composing robust features with denoising autoencoders},
	author={Vincent, Pascal and Larochelle, Hugo and Bengio, Yoshua and Manzagol, Pierre-Antoine},
	booktitle={Proceedings of the International Conference on Machine Learning},
	year={2008}
}

@inproceedings{coates2011analysis,
	title={An analysis of single-layer networks in unsupervised feature learning},
	author={Coates, Adam and Ng, Andrew and Lee, Honglak},
	booktitle={Proceedings of the International Conference on Artificial Intelligence and Statistics},
	year={2011}
}

@article{kingma2013auto,
	title={Auto-encoding variational bayes},
	author={Kingma, Diederik P and Welling, Max},
	journal={arXiv preprint arXiv:1312.6114},
	year={2013}
}

@inproceedings{lin2017feature,
	title={Feature pyramid networks for object detection},
	author={Lin, Tsung-Yi and Doll{\'a}r, Piotr and Girshick, Ross and He, Kaiming and Hariharan, Bharath and Belongie, Serge},
	booktitle={Proceedings of the IEEE Conference on Computer Vision and Pattern Recognition},
	year={2017}
}

@inproceedings{deng2009imagenet,
	title={Imagenet: A large-scale hierarchical image database},
	author={Deng, Jia and Dong, Wei and Socher, Richard and Li, Li-Jia and Li, Kai and Fei-Fei, Li},
    booktitle={Proceedings of the IEEE Conference on Computer Vision and Pattern Recognition},
	year={2009}
}

@article{iglovikov2018ternausnet,
	title={Ternausnet: U-net with vgg11 encoder pre-trained on imagenet for image segmentation},
	author={Iglovikov, Vladimir and Shvets, Alexey},
	journal={arXiv preprint arXiv:1801.05746},
	year={2018}
}

@inproceedings{zeiler2010deconvolutional,
	title={Deconvolutional networks},
	author={Zeiler, Matthew D and Krishnan, Dilip and Taylor, Graham W and Fergus, Rob},
	booktitle={Proceedings of the IEEE Conference on Computer Vision and Pattern Recognition},
	year={2010},
}

@inproceedings{cciccek20163d,
	title={3D U-Net: learning dense volumetric segmentation from sparse annotation},
	author={{\c{C}}i{\c{c}}ek, {\"O}zg{\"u}n and Abdulkadir, Ahmed and Lienkamp, Soeren S and Brox, Thomas and Ronneberger, Olaf},
	booktitle={International Conference on Medical Image Computing and Computer-assisted Intervention},
	year={2016}
}

@incollection{zhou2018unet++,
	title={Unet++: A nested u-net architecture for medical image segmentation},
	author={Zhou, Zongwei and Siddiquee, Md Mahfuzur Rahman and Tajbakhsh, Nima and Liang, Jianming},
	booktitle={Deep Learning in Medical Image Analysis and Multimodal Learning for Clinical Decision Support},
	pages={3--11},
	year={2018}
}

@article{han2018framing,
	title={Framing U-Net via deep convolutional framelets: Application to sparse-view CT},
	author={Han, Yoseob and Ye, Jong Chul},
	journal={IEEE Transactions on Medical Imaging},
	volume={37},
	number={6},
	pages={1418--1429},
	year={2018}
}

@article{oktay2018attention,
	title={Attention u-net: Learning where to look for the pancreas},
	author={Oktay, Ozan and Schlemper, Jo and Folgoc, Loic Le and Lee, Matthew and Heinrich, Mattias and Misawa, Kazunari and Mori, Kensaku and McDonagh, Steven and Hammerla, Nils Y and Kainz, Bernhard and others},
	journal={arXiv preprint arXiv:1804.03999},
	year={2018}
}

@inproceedings{dong2017automatic,
	title={Automatic brain tumor detection and segmentation using u-net based fully convolutional networks},
	author={Dong, Hao and Yang, Guang and Liu, Fangde and Mo, Yuanhan and Guo, Yike},
	booktitle={Annual Conference on Medical Image Understanding and Analysis},
	pages={506--517},
	year={2017}
}

@article{sevastopolsky2017optic,
	title={Optic disc and cup segmentation methods for glaucoma detection with modification of U-Net convolutional neural network},
	author={Sevastopolsky, Artem},
	journal={Pattern Recognition and Image Analysis},
	volume={27},
	number={3},
	pages={618--624},
	year={2017}
}

@inproceedings{zhang2018ct,
	title={CT artifact reduction via U-net CNN},
	author={Zhang, C and Xing, Y},
	booktitle={Medical Imaging 2018: Image Processing},
	volume={10574},
	pages={105741},
	year={2018},
	organization={International Society for Optics and Photonics}
}

@article{ibtehaz2020multiresunet,
	title={MultiResUNet: Rethinking the U-Net architecture for multimodal biomedical image segmentation},
	author={Ibtehaz, Nabil and Rahman, M Sohel},
	journal={Neural Networks},
	volume={121},
	pages={74--87},
	year={2020},
	publisher={Elsevier}
}

@article{alom2019recurrent,
	title={Recurrent residual U-Net for medical image segmentation},
	author={Alom, Md Zahangir and Yakopcic, Chris and Hasan, Mahmudul and Taha, Tarek M and Asari, Vijayan K},
	journal={Journal of Medical Imaging},
	volume={6},
	number={1},
	pages={006--014},
	year={2019},
	publisher={International Society for Optics and Photonics}
}

@inproceedings{milletari2016v,
	title={V-net: Fully convolutional neural networks for volumetric medical image segmentation},
	author={Milletari, Fausto and Navab, Nassir and Ahmadi, Seyed-Ahmad},
	booktitle={2016 Fourth International Conference on 3D Vision (3DV)},
	pages={565--571},
	year={2016},
	organization={IEEE}
}

@inproceedings{zhu2017unpaired,
	title={Unpaired image-to-image translation using cycle-consistent adversarial networks},
	author={Zhu, Jun-Yan and Park, Taesung and Isola, Phillip and Efros, Alexei A},
	booktitle={Proceedings of the IEEE International Conference on Computer Vision},
	year={2017}
}

@inproceedings{isola2017image,
	title={Image-to-image translation with conditional adversarial networks},
	author={Isola, Phillip and Zhu, Jun-Yan and Zhou, Tinghui and Efros, Alexei A},
	booktitle={Proceedings of the IEEE Conference on Computer Vision and Pattern Recognition},
	year={2017}
}

@article{qin2018dsgan,
	title={Dsgan: Generative adversarial training for distant supervision relation extraction},
	author={Qin, Pengda and Xu, Weiran and Wang, William Yang},
	journal={arXiv preprint arXiv:1805.09929},
	year={2018}
}

@article{guimaraes2017objective,
	title={Objective-reinforced generative adversarial networks (organ) for sequence generation models},
	author={Guimaraes, Gabriel Lima and Sanchez-Lengeling, Benjamin and Outeiral, Carlos and Farias, Pedro Luis Cunha and Aspuru-Guzik, Al{\'a}n},
	journal={arXiv preprint arXiv:1705.10843},
	year={2017}
}

@article{qiao2018emotional,
	title={Emotional facial expression transfer from a single image via generative adversarial nets},
	author={Qiao, Fengchun and Yao, Naiming and Jiao, Zirui and Li, Zhihao and Chen, Hui and Wang, Hongan},
	journal={Computer Animation and Virtual Worlds},
	volume={29},
	number={3-4},
	pages={1819},
	year={2018}
}

@article{sahu2018enhancing,
	title={On enhancing speech emotion recognition using generative adversarial networks},
	author={Sahu, Saurabh and Gupta, Rahul and Espy-Wilson, Carol},
	journal={arXiv preprint arXiv:1806.06626},
	year={2018}
}

@article{yang2017dagan,
	title={DAGAN: Deep de-aliasing generative adversarial networks for fast compressed sensing MRI reconstruction},
	author={Yang, Guang and Yu, Simiao and Dong, Hao and Slabaugh, Greg and Dragotti, Pier Luigi and Ye, Xujiong and Liu, Fangde and Arridge, Simon and Keegan, Jennifer and Guo, Yike and others},
	journal={IEEE Transactions on Medical Imaging},
	volume={37},
	number={6},
	pages={1310--1321},
	year={2017},
	publisher={IEEE}
}
@article{yang2018low,
	title={Low-dose CT image denoising using a generative adversarial network with Wasserstein distance and perceptual loss},
	author={Yang, Qingsong and Yan, Pingkun and Zhang, Yanbo and Yu, Hengyong and Shi, Yongyi and Mou, Xuanqin and Kalra, Mannudeep K and Zhang, Yi and Sun, Ling and Wang, Ge},
	journal={IEEE transactions on Medical Imaging},
	volume={37},
	number={6},
	pages={1348--1357},
	year={2018}
}

@inproceedings{shin2018medical,
	title={Medical image synthesis for data augmentation and anonymization using generative adversarial networks},
	author={Shin, Hoo-Chang and Tenenholtz, Neil A and Rogers, Jameson K and Schwarz, Christopher G and Senjem, Matthew L and Gunter, Jeffrey L and Andriole, Katherine P and Michalski, Mark},
	booktitle={International Workshop on Simulation and Synthesis in Medical Imaging},
	year={2018}
}

@article{onishi2020multiplanar,
	title={Multiplanar analysis for pulmonary nodule classification in CT images using deep convolutional neural network and generative adversarial networks},
	author={Onishi, Yuya and Teramoto, Atsushi and Tsujimoto, Masakazu and Tsukamoto, Tetsuya and Saito, Kuniaki and Toyama, Hiroshi and Imaizumi, Kazuyoshi and Fujita, Hiroshi},
	journal={International Journal of Computer Assisted Radiology and Surgery},
	volume={15},
	number={1},
	pages={173--178},
	year={2020}
}

@article{bhadra2020medical,
	title={Medical image reconstruction with image-adaptive priors learned by use of generative adversarial networks},
	author={Bhadra, Sayantan and Zhou, Weimin and Anastasio, Mark A},
	journal={arXiv preprint arXiv:2001.10830},
	year={2020}
}

@article{arjovsky2017towards,
	title={Towards Principled Methods for Training Generative Adversarial Networks. arXiv e-prints, art},
	author={Arjovsky, Martin and Bottou, L{\'e}on},
	journal={arXiv preprint arXiv:1701.04862},
	year={2017}
}

@inproceedings{zeiler2014visualizing,
	title={Visualizing and understanding convolutional networks},
	author={Zeiler, Matthew D and Fergus, Rob},
	booktitle={European Conference on Computer Vision},
	year={2014}
}

@inproceedings{girshick2014rich,
	title={Rich feature hierarchies for accurate object detection and semantic segmentation},
	author={Girshick, Ross and Donahue, Jeff and Darrell, Trevor and Malik, Jitendra},
	booktitle={Proceedings of the IEEE Conference on Computer Vision and Pattern Recognition},
	year={2014}
}

@article{maaten2008visualizing,
	title={Visualizing data using t-SNE},
	author={Maaten, Laurens van der and Hinton, Geoffrey},
	journal={Journal of Machine Learning Research},
	volume={9},
	number={11},
	pages={2579--2605},
	year={2008}
}

@inproceedings{zeiler2010deconvolutional,
	title={Deconvolutional networks},
	author={Zeiler, Matthew D and Krishnan, Dilip and Taylor, Graham W and Fergus, Rob},
    booktitle={Proceedings of the IEEE Conference on Computer Vision and Pattern Recognition},
	year={2010}
}

@inproceedings{zeiler2011adaptive,
	title={Adaptive deconvolutional networks for mid and high level feature learning},
	author={Zeiler, Matthew D and Taylor, Graham W and Fergus, Rob},
	booktitle={Proceedings of the IEEE International Conference on Computer Vision},
	year={2011}
}

@inproceedings{dalal2005histograms,
	title={Histograms of oriented gradients for human detection},
	author={Dalal, Navneet and Triggs, Bill},
    booktitle={Proceedings of the IEEE Conference on Computer Vision and Pattern Recognition},
	year={2005}
}

@inproceedings{mahendran2015understanding,
	title={Understanding deep image representations by inverting them},
	author={Mahendran, Aravindh and Vedaldi, Andrea},
	booktitle={Proceedings of the IEEE Conference on Computer Vision and Pattern Recognition},
	year={2015}
}

@article{mahendran2016visualizing,
	title={Visualizing deep convolutional neural networks using natural pre-images},
	author={Mahendran, Aravindh and Vedaldi, Andrea},
	journal={International Journal of Computer Vision},
	volume={120},
	number={3},
	pages={233--255},
	year={2016}
}

@inproceedings{dosovitskiy2016inverting,
	title={Inverting visual representations with convolutional networks},
	author={Dosovitskiy, Alexey and Brox, Thomas},
	booktitle={Proceedings of the IEEE Conference on Computer Vision and Pattern Recognition},
	year={2016}
}

@article{erhan2009visualizing,
	title={Visualizing higher-layer features of a deep network},
	author={Erhan, Dumitru and Bengio, Yoshua and Courville, Aaron and Vincent, Pascal},
	journal={University of Montreal},
	volume={1341},
	number={3},
	pages={1},
	year={2009}
}

@article{hinton2006fast,
	title={A fast learning algorithm for deep belief nets},
	author={Hinton, Geoffrey E and Osindero, Simon and Teh, Yee-Whye},
	journal={Neural Computation},
	volume={18},
	number={7},
	pages={1527--1554},
	year={2006}
}

@article{springenberg2014striving,
	title={Striving for simplicity: The all convolutional net},
	author={Springenberg, Jost Tobias and Dosovitskiy, Alexey and Brox, Thomas and Riedmiller, Martin},
	journal={arXiv preprint arXiv:1412.6806},
	year={2014}
}

@article{rudin1992nonlinear,
	title={Nonlinear total variation based noise removal algorithms},
	author={Rudin, Leonid I and Osher, Stanley and Fatemi, Emad},
	journal={Physica D: Nonlinear Phenomena},
	volume={60},
	number={1-4},
	pages={259--268},
	year={1992}
}

@inproceedings{gondra2014object,
	title={Object segmentation through multiple instance learning},
	author={Gondra, Iker and Xu, Tao and Chiu, David KY and Cormier, Michael},
	booktitle={International Conference on Image and Signal Processing},
	year={2014}
}

@inproceedings{wu2015deep,
	title={Deep multiple instance learning for image classification and auto-annotation},
	author={Wu, Jiajun and Yu, Yinan and Huang, Chang and Yu, Kai},
	booktitle={Proceedings of the IEEE Conference on Computer Vision and Pattern Recognition},
	year={2015}
}

@inproceedings{qian2018attentive,
  title={Attentive generative adversarial network for raindrop removal from a single image},
  author={Qian, Rui and Tan, Robby T and Yang, Wenhan and Su, Jiajun and Liu, Jiaying},
  booktitle={Proceedings of the IEEE Conference on Computer Vision and Pattern Recognition},
  year={2018}
}

@inproceedings{yuan2019face,
  title={Face De-occlusion using 3D Morphable Model and Generative Adversarial Network},
  author={Yuan, Xiaowei and Park, In Kyu},
  booktitle={Proceedings of the IEEE International Conference on Computer Vision},
  year={2019}
}

@article{ioffe2015batch,
	title={Batch normalization: Accelerating deep network training by reducing internal covariate shift},
	author={Ioffe, Sergey and Szegedy, Christian},
	journal={arXiv preprint arXiv:1502.03167},
	year={2015}
}

@inproceedings{maas2013rectifier,
	title={Rectifier nonlinearities improve neural network acoustic models},
	author={Maas, Andrew L and Hannun, Awni Y and Ng, Andrew Y},
	booktitle={Proc. ICML},
	year={2013}
}

@article{kingma2014adam,
	title={Adam: A method for stochastic optimization},
	author={Kingma, Diederik P and Ba, Jimmy},
	journal={arXiv preprint arXiv:1412.6980},
	year={2014}
}

@article{sobel2014history,
	title={History and definition of the sobel operator},
	author={Sobel, Irwin},
	journal={Retrieved from the World Wide Web},
	volume={1505},
	year={2014}
}

@article{brandman2011pulmonary,
	title={Pulmonary nodule detection, characterization, and management with multidetector computed tomography},
	author={Brandman, Scott and Ko, Jane P},
	journal={Journal of Thoracic Imaging},
	volume={26},
	number={2},
	pages={90--105},
	year={2011}
}

@conference{Gondaletal17,
	title = {Weakly-Supervised Localization of Diabetic Retinopathy Lesions in Retinal Fundus Images},
	author = {Gondal, M. W. and K{\"o}hler, J. M. and Grzeszick, R. and Fink, G. and Hirsch, M.},
	booktitle = {IEEE International Conference on Image Processing},
	year = {2017}
}

@article{Oquab2015IsOL,
	title={Is object localization for free? - Weakly-supervised learning with convolutional neural networks},
	author={Maxime Oquab and L{\'e}on Bottou and Ivan Laptev and Josef Sivic},
	journal={Proceedings of the IEEE Conference on Computer Vision and Pattern Recognition},
	year={2015}
}

@article{2015Hwang,
	title={Self-Transfer Learning for Fully Weakly Supervised Object Localization},
	author = {Hwang, Sangheum and Kim, Hyo-Eun},
	journal={arXiv preprint arXiv:1505.08082},
	year={2015}
}

@InProceedings{Kim_2017_ICCV,
	author = {Kim, Dahun and Cho, Donghyeon and Yoo, Donggeun and So Kweon, In},
	title = {Two-Phase Learning for Weakly Supervised Object Localization},
	booktitle = {The IEEE International Conference on Computer Vision)},
	year = {2017}
}

@inproceedings{WeiFLCZY17,
	author = {Wei, Yunchao and Feng, Jiashi and Liang, Xiaodan and Cheng, Ming-Ming and Zhao, Yao and Yan, Shuicheng},
	booktitle = {Proceedings of the IEEE Conference on Computer Vision and Pattern Recognition},
	title = {Object Region Mining with Adversarial Erasing: A Simple Classification to Semantic Segmentation Approach},
	year = 2017
}

@inproceedings{BMVC2016_52,
	title={Attention Networks for Weakly Supervised Object Localization},
	author={Eu Wern Teh, Mrigank Rochan and Yang Wang},
	year={2016},
	booktitle={Proceedings of the British Machine Vision Conference}
}

@article{Krishna2018,
	title={Hide-and-Seek: A Data Augmentation Technique for Weakly-Supervised Localization and Beyond},
	author={Krishna Kumar Singh and Hao Yu and Aron Sarmasi and Gautam Pradeep and Yong Jae Lee},
	year = {2018},
	journal={arXiv preprint arXiv:1811.02545}
}

@inproceedings{ZhangWF0H18,
	author = {Xiaolin Zhang and Yunchao Wei and Jiashi Feng and Yi Yang and Thomas S. Huang},
	title = {Adversarial Complementary Learning for Weakly Supervised Object Localization},
	booktitle = {Proceedings of the IEEE Conference on Computer Vision and Pattern Recognition},
	year = {2018}
}

@inproceedings{WangPLLBS17,
	author    = {Xiaosong Wang and
	Yifan Peng and
	Le Lu and
	Zhiyong Lu and
	Mohammadhadi Bagheri and
	Ronald M. Summers},
	title     = {ChestX-Ray8: Hospital-Scale Chest X-Ray Database and Benchmarks on
	Weakly-Supervised Classification and Localization of Common Thorax
	Diseases},
	booktitle = {Proceedings of the IEEE Conference on Computer Vision and Pattern Recognition},
	year      = {2017}
}
@article{Qi2017WeaklySL,
	title={Weakly Supervised Learning of Placental Ultrasound Images with Residual Networks},
	author={Huan Qi and Sally L. Collins and J. Alison Noble},
	journal={Medical Image Understanding and Analysis},
	year={2017}
}

@inproceedings{GonzlezGonzalo2018ImprovingWL,
	title={Improving weakly-supervised lesion localization with iterative saliency map refinement},
	author={Cristina Gonz{\'a}lez-Gonzalo and Bart Liefers and Bram van Ginneken and Clara I. S{\'a}nchez},
	booktitle={International Conference on Medical Imaging with Deep Learning}
	year={2018}
}

@article{Yao2018WeaklySM,
	title={Weakly Supervised Medical Diagnosis and Localization from Multiple Resolutions},
	author={Li Yao and Jordan Prosky and Eric Poblenz and Ben Covington and Kevin Lyman},
	year={2018},
	journal={arXiv preprint arXiv:1803.07703}
}

@inproceedings{Maron1998MultipleInstanceLF,
	title={Multiple-Instance Learning for Natural Scene Classification},
	author={Oded Maron and Aparna Lakshmi Ratan},
	booktitle={Proceedings of the International Conference on Machine Learning},
	year={1998}
}

@article{JimnezSnchez2018WeaklySupervisedLA,
	title={Weakly-Supervised Localization and Classification of Proximal Femur Fractures},
	author={Amelia Jim{\'e}nez-S{\'a}nchez and Anees Kazi and Shadi Albarqouni and Sonja Kirchhoff and Alexandra Str{\"a}ter and Peter Biberthaler and Diana Mateus and Nassir Navab},
	year={2018},
	journal={arXiv preprint arXiv:1809.10692}
}

@inproceedings{Tang2018AttentionGuidedCL,
	title={Attention-Guided Curriculum Learning for Weakly Supervised Classification and Localization of Thoracic Diseases on Chest Radiographs},
	author={Yuxing Tang and Xiaosong Wang and Adam P. Harrison and Le Lu and Jing Xiao and Ronald M. Summers},
	booktitle={International Workshop on International Conference on Medical Imaging with Deep Learning},
	year={2018}
}

@inproceedings{Szegedy2015RethinkingTI,
	title={Rethinking the Inception Architecture for Computer Vision},
	author={Christian Szegedy and Vincent Vanhoucke and Sergey Ioffe and Jon Shlens and Zbigniew Wojna},
	journal={Proceedings of the IEEE Conference on Computer Vision and Pattern Recognition},
	year={2015}